[gd_scene load_steps=16 format=2]

[ext_resource path="res://scripts/Player1.gd" type="Script" id=1]
[ext_resource path="res://gui/bar_fill_blue.png" type="Texture" id=2]
[ext_resource path="res://gui/bar_bg.png" type="Texture" id=4]
[ext_resource path="res://players/player1/perso-bleu-static-3.png" type="Texture" id=5]
[ext_resource path="res://players/player1/perso-bleu4.png" type="Texture" id=6]
[ext_resource path="res://players/player1/perso-bleu5.png" type="Texture" id=7]
[ext_resource path="res://players/player1/perso-bleu-static-2.png" type="Texture" id=8]
[ext_resource path="res://players/player1/perso-bleu6.png" type="Texture" id=9]
[ext_resource path="res://players/player1/perso-bleu2.png" type="Texture" id=10]
[ext_resource path="res://players/player1/perso-bleu8.png" type="Texture" id=11]
[ext_resource path="res://players/player1/perso-bleu-static-1.png" type="Texture" id=12]
[ext_resource path="res://players/player1/perso-bleu1.png" type="Texture" id=13]
[ext_resource path="res://players/player1/perso-bleu3.png" type="Texture" id=14]

[sub_resource type="SpriteFrames" id=1]
animations = [ {
"frames": [ ExtResource( 12 ), ExtResource( 8 ), ExtResource( 5 ) ],
"loop": true,
"name": "standing",
"speed": 7.0
}, {
"frames": [ ExtResource( 11 ), ExtResource( 9 ), ExtResource( 7 ), ExtResource( 6 ), ExtResource( 14 ), ExtResource( 10 ), ExtResource( 13 ) ],
"loop": true,
"name": "walking_side",
"speed": 7.0
} ]

[sub_resource type="CapsuleShape2D" id=2]
radius = 42.0
height = 222.0

[node name="BluePlayer" type="KinematicBody2D"]
collision_layer = 3
collision_mask = 3
script = ExtResource( 1 )

[node name="Sprite" type="AnimatedSprite" parent="."]
position = Vector2( 4, -126.25 )
scale = Vector2( 0.193362, 0.178979 )
frames = SubResource( 1 )
animation = "standing"
frame = 1
playing = true

[node name="CollisionShape2D" type="CollisionShape2D" parent="."]
position = Vector2( 1, -123 )
shape = SubResource( 2 )

[node name="Health" type="MarginContainer" parent="."]
margin_left = -45.0
margin_top = 45.0
margin_right = 46.0
margin_bottom = 58.0
__meta__ = {
"_edit_use_anchors_": false
}

[node name="NinePatchRect" type="NinePatchRect" parent="Health"]
margin_right = 91.0
margin_bottom = 13.0
texture = ExtResource( 4 )

[node name="TextureProgress" type="TextureProgress" parent="Health"]
margin_right = 91.0
margin_bottom = 13.0
value = 50.0
texture_under = ExtResource( 4 )
texture_progress = ExtResource( 2 )

[node name="Timer" type="Timer" parent="Health"]
wait_time = 0.5

[connection signal="mouse_entered" from="." to="." method="_on_KinematicBody2D_mouse_entered"]
[connection signal="mouse_exited" from="." to="." method="_on_KinematicBody2D_mouse_exited"]
[connection signal="value_changed" from="Health/TextureProgress" to="." method="_on_TextureProgress_value_changed"]
[connection signal="timeout" from="Health/Timer" to="." method="_on_Timer_timeout"]
